<collection xmlns="http://www.loc.gov/MARC21/slim">
<record>
  <leader>00977nam0a22001931i 450 </leader>
  <controlfield tag="001">IT\ICCU\CNCE\061775</controlfield>
  <controlfield tag="005">20051012000000.0</controlfield>
  <datafield tag="012" ind1=" " ind2=" ">
    <subfield code="a">I.e. i-ni erde ecsu (3) 1554 (R)</subfield>
    <subfield code="2">fei</subfield>
  </datafield>
  <datafield tag="100" ind1=" " ind2=" ">
    <subfield code="a">20051010d1554        0itac0103    ba</subfield>
  </datafield>
  <datafield tag="101" ind1=" " ind2=" ">
    <subfield code="a">ITA</subfield>
  </datafield>
  <datafield tag="102" ind1=" " ind2=" ">
    <subfield code="a">IT</subfield>
  </datafield>
  <datafield tag="200" ind1="1" ind2=" ">
    <subfield code="a">Sposizione d&apos;un sonetto platonico, fatto sopra il primo effecto d&apos;amore, che e il separare l&apos;anima dal corpo de l&apos;amante, doue si tratta de la immortalita de l&apos;anima secondo Aristotile, e secondo Platone</subfield>
  </datafield>
  <datafield tag="210" ind1=" " ind2=" ">
    <subfield code="a">In Fiorenza</subfield>
    <subfield code="d">1554</subfield>
  </datafield>
  <datafield tag="215" ind1=" " ind2=" ">
    <subfield code="a">107 p.</subfield>
    <subfield code="d"></subfield>
  </datafield>
  <datafield tag="300" ind1=" " ind2=" ">
    <subfield code="a">ANNULLATA  !!!!  vedi 16456((Marca di Lorenzo Torrentini sul front. - Il nome del curatore Lattanzio Eugenio a c. a1r. - Il nome</subfield>
  </datafield>
  <datafield tag="700" ind1=" " ind2="1">
    <subfield code="a">Della_Barba,</subfield>
    <subfield code="b">Pompeo</subfield>
    <subfield code="3">IT\ICCU\CNCA\004701</subfield>
  </datafield>
  <datafield tag="790" ind1=" " ind2="1">
    <subfield code="a">Barba,</subfield>
    <subfield code="b">Pompeo : della</subfield>
    <subfield code="3">IT\ICCU\CNCA\007679</subfield>
    <subfield code="z">Della_Barba, Pompeo</subfield>
  </datafield>
  <datafield tag="801" ind1=" " ind2="3">
    <subfield code="a">IT</subfield>
    <subfield code="b">ICCU</subfield>
    <subfield code="c">20201115</subfield>
  </datafield>
  <datafield tag="899" ind1=" " ind2=" ">
    <subfield code="a">Biblioteca Casanatense. Roma</subfield>
    <subfield code="1">RM0313</subfield>
    <subfield code="2">RML 07</subfield>
  </datafield>
</record>
</collection>
